<?xml version="1.0" encoding="UTF-8"?><collection xmlns="http://www.loc.gov/MARC21/slim"><record><leader>00567nam--2200205-i-4500</leader><controlfield tag="001">000035303</controlfield><controlfield tag="002">20161230</controlfield><controlfield tag="005">20170102232416</controlfield><controlfield tag="008">060222s1000------------r-----000-0-eng-d</controlfield><datafield ind1=" " ind2=" " tag="040"><subfield code="a">IFIN-HH</subfield></datafield><datafield ind1=" " ind2=" " tag="080"><subfield code="a">539.17</subfield></datafield><datafield ind1="1" ind2=" " tag="100"><subfield code="a">Endt, P. M</subfield></datafield><datafield ind1="1" ind2="0" tag="245"><subfield code="a">Nuclear reactions</subfield><subfield code="b">Volume 1 and 2</subfield><subfield code="c">P.M. Endt, M. Demeur (eds.)</subfield></datafield><datafield ind1=" " ind2=" " tag="260"><subfield code="a">Amsterdam</subfield><subfield code="b">North-Holland Publishing Company</subfield><subfield code="c">1959</subfield></datafield><datafield ind1=" " ind2=" " tag="300"><subfield code="a">2 volume</subfield></datafield><datafield ind1=" " ind2=" " tag="490"><subfield code="a">Series In Physics</subfield></datafield><datafield ind1="1" ind2=" " tag="700"><subfield code="a">Demeur, M</subfield><subfield code="e">Ed</subfield></datafield><datafield ind1="1" ind2=" " tag="787"><subfield code="a">Volume 2</subfield><subfield code="h">X+542 p. Cu Fig</subfield></datafield><datafield ind1=" " ind2=" " tag="852"><subfield code="a">14060</subfield><subfield code="c">539.17</subfield></datafield><datafield ind1=" " ind2=" " tag="CAT"><subfield code="a">SYS</subfield><subfield code="c">20170102</subfield><subfield code="h">232416</subfield></datafield></record></collection>